@inproceedings{mercado2016clustering,
  title={Clustering Signed Networks with the Geometric Mean of Laplacians},
  author={Mercado, Pedro and Tudisco, Francesco and Hein, Matthias},
  booktitle={Advances in Neural Information Processing Systems},
  pages={4421--4429},
  year={2016}
}
@article{rohe2011spectral,
  title={Spectral clustering and the high-dimensional stochastic blockmodel},
  author={Rohe, Karl and Chatterjee, Sourav and Yu, Bin and others},
  journal={The Annals of Statistics},
  volume={39},
  number={4},
  pages={1878--1915},
  year={2011},
  publisher={Institute of Mathematical Statistics}
}
@misc{snapnets,
  author       = {Jure Leskovec and Andrej Krevl},
  title        = {{SNAP Datasets}: {Stanford} Large Network Dataset Collection},
  howpublished = {\url{http://snap.stanford.edu/data}},
  month        = jun,
  year         = 2014
}
@inproceedings{leskovec2010signed,
  title={Signed networks in social media},
  author={Leskovec, Jure and Huttenlocher, Daniel and Kleinberg, Jon},
  booktitle={Proceedings of the SIGCHI conference on human factors in computing systems},
  pages={1361--1370},
  year={2010},
  organization={ACM}
}
@inproceedings{kumar2016edge,
  title={Edge weight prediction in weighted signed networks},
  author={Kumar, Srijan and Spezzano, Francesca and Subrahmanian, VS and Faloutsos, Christos},
  booktitle={Data Mining (ICDM), 2016 IEEE 16th International Conference on},
  pages={221--230},
  year={2016},
  organization={IEEE}
}

@article{lei2015consistency,
  title={Consistency of spectral clustering in stochastic block models},
  author={Lei, Jing and Rinaldo, Alessandro and others},
  journal={The Annals of Statistics},
  volume={43},
  number={1},
  pages={215--237},
  year={2015},
  publisher={Institute of Mathematical Statistics}
}
@article{scikit-learn,
 title={Scikit-learn: Machine Learning in {P}ython},
 author={Pedregosa, F. and Varoquaux, G. and Gramfort, A. and Michel, V.
         and Thirion, B. and Grisel, O. and Blondel, M. and Prettenhofer, P.
         and Weiss, R. and Dubourg, V. and Vanderplas, J. and Passos, A. and
         Cournapeau, D. and Brucher, M. and Perrot, M. and Duchesnay, E.},
 journal={Journal of Machine Learning Research},
 volume={12},
 pages={2825--2830},
 year={2011}
}
@inproceedings{abbe2015community,
  title={Community detection in general stochastic block models: Fundamental limits and efficient algorithms for recovery},
  author={Abbe, Emmanuel and Sandon, Colin},
  booktitle={Foundations of Computer Science (FOCS), 2015 IEEE 56th Annual Symposium on},
  pages={670--688},
  year={2015},
  organization={IEEE}
}