

@article{chapelle2009semi,
  title={Semi-supervised learning (chapelle, o. et al., eds.; 2006)[book reviews]},
  author={Chapelle, Olivier and Scholkopf, Bernhard and Zien, Alexander},
  journal={IEEE Transactions on Neural Networks},
  volume={20},
  number={3},
  pages={542--542},
  year={2009},
  publisher={IEEE}
}

@article{belkin2006manifold,
  title={Manifold regularization: A geometric framework for learning from labeled and unlabeled examples},
  author={Belkin, Mikhail and Niyogi, Partha and Sindhwani, Vikas},
  journal={Journal of machine learning research},
  volume={7},
  number={Nov},
  pages={2399--2434},
  year={2006}
}

@incollection{weston2012deep,
  title={Deep learning via semi-supervised embedding},
  author={Weston, Jason and Ratle, Fr{\'e}d{\'e}ric and Mobahi, Hossein and Collobert, Ronan},
  booktitle={Neural Networks: Tricks of the Trade},
  pages={639--655},
  year={2012},
  publisher={Springer}
}

@inproceedings{zhu2003semi,
  title={Semi-supervised learning using gaussian fields and harmonic functions},
  author={Zhu, Xiaojin and Ghahramani, Zoubin and Lafferty, John D},
  booktitle={Proceedings of the 20th International conference on Machine learning (ICML-03)},
  pages={912--919},
  year={2003}
}

@inproceedings{zhou2004learning,
  title={Learning with local and global consistency},
  author={Zhou, Denny and Bousquet, Olivier and Lal, Thomas N and Weston, Jason and Sch{\"o}lkopf, Bernhard},
  booktitle={Advances in neural information processing systems},
  pages={321--328},
  year={2004}
}

@article{zhu2002learning,
  title={Learning from labeled and unlabeled data with label propagation},
  author={Zhu, Xiaojin and Ghahramani, Zoubin},
  year={2002},
  publisher={Citeseer}
}

@article{nowicki2001estimation,
  title={Estimation and prediction for stochastic blockstructures},
  author={Nowicki, Krzysztof and Snijders, Tom A B},
  journal={Journal of the American statistical association},
  volume={96},
  number={455},
  pages={1077--1087},
  year={2001},
  publisher={Taylor \& Francis}
}
@inproceedings{mikolov2013distributed,
  title={Distributed representations of words and phrases and their compositionality},
  author={Mikolov, Tomas and Sutskever, Ilya and Chen, Kai and Corrado, Greg S and Dean, Jeff},
  booktitle={Advances in neural information processing systems},
  pages={3111--3119},
  year={2013}
}
@inproceedings{perozzi2014deepwalk,
  title={Deepwalk: Online learning of social representations},
  author={Perozzi, Bryan and Al-Rfou, Rami and Skiena, Steven},
  booktitle={Proceedings of the 20th ACM SIGKDD international conference on Knowledge discovery and data mining},
  pages={701--710},
  year={2014},
  organization={ACM}
}

@inproceedings{grover2016node2vec,
  title={node2vec: Scalable feature learning for networks},
  author={Grover, Aditya and Leskovec, Jure},
  booktitle={Proceedings of the 22nd ACM SIGKDD international conference on Knowledge discovery and data mining},
  pages={855--864},
  year={2016},
  organization={ACM}
}

@article{yang2016revisiting,
  title={Revisiting semi-supervised learning with graph embeddings},
  author={Yang, Zhilin and Cohen, William W and Salakhutdinov, Ruslan},
  journal={arXiv preprint arXiv:1603.08861},
  year={2016}
}

@inproceedings{talukdar2009new,
  title={New regularized algorithms for transductive learning},
  author={Talukdar, Partha Pratim and Crammer, Koby},
  booktitle={Joint European Conference on Machine Learning and Knowledge Discovery in Databases},
  pages={442--457},
  year={2009},
  organization={Springer}
}

@inproceedings{defferrard2016convolutional,
  title={Convolutional neural networks on graphs with fast localized spectral filtering},
  author={Defferrard, Micha{\"e}l and Bresson, Xavier and Vandergheynst, Pierre},
  booktitle={Advances in Neural Information Processing Systems},
  pages={3844--3852},
  year={2016}
}

@inproceedings{monti2017geometric,
  title={Geometric deep learning on graphs and manifolds using mixture model CNNs},
  author={Monti, Federico and Boscaini, Davide and Masci, Jonathan and Rodola, Emanuele and Svoboda, Jan and Bronstein, Michael M},
  booktitle={Proc. CVPR},
  volume={1},
  number={2},
  pages={3},
  year={2017}
}

@article{kipf2016semi,
  title={Semi-supervised classification with graph convolutional networks},
  author={Kipf, Thomas N and Welling, Max},
  journal={arXiv preprint arXiv:1609.02907},
  year={2016}
}

@article{hammond2011wavelets,
  title={Wavelets on graphs via spectral graph theory},
  author={Hammond, David K and Vandergheynst, Pierre and Gribonval, R{\'e}mi},
  journal={Applied and Computational Harmonic Analysis},
  volume={30},
  number={2},
  pages={129--150},
  year={2011},
  publisher={Elsevier}
}

@article{velivckovic2017graph,
  title={Graph Attention Networks},
  author={Veli{\v{c}}kovi{\'c}, Petar and Cucurull, Guillem and Casanova, Arantxa and Romero, Adriana and Li{\`o}, Pietro and Bengio, Yoshua},
  journal={arXiv preprint arXiv:1710.10903},
  year={2017}
}

@incollection{bhagat2011node,
  title={Node classification in social networks},
  author={Bhagat, Smriti and Cormode, Graham and Muthukrishnan, S},
  booktitle={Social network data analytics},
  pages={115--148},
  year={2011},
  publisher={Springer}
}
@article{srivastava2014dropout,
  title={Dropout: A simple way to prevent neural networks from overfitting},
  author={Srivastava, Nitish and Hinton, Geoffrey and Krizhevsky, Alex and Sutskever, Ilya and Salakhutdinov, Ruslan},
  journal={The Journal of Machine Learning Research},
  volume={15},
  number={1},
  pages={1929--1958},
  year={2014},
  publisher={JMLR. org}
}

@misc{chollet2015,
author = {Fran√ßois Chollet },
title = {keras},
year = {2015},
publisher = {GitHub},
journal = {GitHub repository},
howpublished = {\url{https://github.com/fchollet/keras}},
commit = {5bcac37}
}

@article{kingma2014adam,
  title={Adam: A method for stochastic optimization},
  author={Kingma, Diederik P and Ba, Jimmy},
  journal={arXiv preprint arXiv:1412.6980},
  year={2014}
}

@article{van2008visualizing,
  title={Visualizing high-dimensional data using t-sne. journal of machine learning research},
  author={Van Der Maaten, L and Hinton, G},
  journal={J Mach Learn Res},
  volume={9},
  pages={26},
  year={2008}
}